@online{akavache_github,
    title    = { Akavache - Github репозиторий },
    year     = { 2020 },
    url      = { https://github.com/reactiveui/Akavache },
    urldate  = { 2019-12-17 },
    language = { english }
}
@online{backend_skel,
    author   = { Nick Chapsas, Senior Software Engineer, Microsoft MVP },
    title    = { Уроки по ASP.NET Core RESTful API - Github репозиторий },
    url      = { https://github.com/Elfocrash/Youtube.AspNetCoreTutorial },
    urldate  = { 2019-12-17 },
    language = { english }
}
@online{binwell_github,
    author   = { Binwell - Github user },
    title    = { Скелет приложения для Xamarin - Github репозиторий },
    url      = { https://github.com/Binwell/Order-King-Mobile-Core },
    urldate  = { 2019-12-17 },
    language = { english }
}
@online{gartner_mobile_os_share,
    title    = { Gartner Says Worldwide Sales of Smartphones Returned to Growth in First Quarter of 2018 },
    year     = { 2018 },
    url      = { https://www.gartner.com/en/newsroom/press-releases/2018-05-29-gartner-says-worldwide-sales-of-smartphones-returned-to-growth-in-first-quarter-of-2018 },
    urldate  = { 2020-05-06 },
    language = { english }
}
@article{loyalty_food_delivery,
    author    = { Dwi Suhartanto, Mohd Helmi Ali, Kim Hua Tan, Fauziyah Sjahroeddin, Lusianus Kusdibyo },
    title     = { Loyalty toward online food delivery service: the role of e-service quality and food quality },
    journal   = { Journal of Foodservice Business Research },
    volume    = { 22 },
    number    = { 1 },
    pages     = { 81-97 },
    year      = { 2019 },
    publisher = { Routledge },
    doi       = { 10.1080/15378020.2018.1546076 },
    url       = { https://doi.org/10.1080/15378020.2018.1546076 },
    eprint    = { https://doi.org/10.1080/15378020.2018.1546076 }
}
@online{MVVM_wiki,
    title    = { MVVM паттерн },
    year     = { 2019 },
    url      = { https://ru.wikipedia.org/wiki/Model-View-ViewModel },
    urldate  = { 2019-12-17 },
    language = { russian }
}
@online{npgsql_efcore_doc,
    title    = { NpSQL for Entity Framework Core - документация },
    url      = { https://www.npgsql.org/efcore/ },
    urldate  = { 2019-12-17 },
    language = { english }
}
@online{oauth_habr,
    author   = { Дмитрий Битман},
    title    = { OAuth 2.0 простым и понятным языком },
    year     = { 2011 },
    url      = { https://habr.com/ru/company/mailru/blog/115163/ },
    urldate  = { 2019-12-17 },
    language = { russian }
}
@online{polly_github,
    title    = { Polly - Github репозиторий },
    year     = { 2020},
    url      = { https://github.com/App-vNext/Polly },
    urldate  = { 2019-12-17 },
    language = { english }
}
@online{redis_doc,
    title    = { Distributed Redis Cache },
    url      = { https://docs.microsoft.com/en-us/aspnet/core/performance/caching/distributed?view=aspnetcore-3.1\#distributed-redis-cache },
    urldate  = { 2019-12-17 },
    language = { english }
}
@online{refit_github,
    author   = { ReactiveUI community },
    title    = { Refit - Github репозиторий },
    url      = { https://reactiveui.github.io/refit },
    urldate  = { 2019-12-17 },
    language = { english }
}
@online{rest_xamarin,
    author   = { Вячеслав Черников },
    title    = { Удобный REST для Xamarin-приложений },
    year     = { 2016 },
    url      = { https://habr.com/ru/company/microsoft/blog/310704/ },
    urldate  = { 2019-12-17 },
    language = { russian }
}
@online{result_github,
    title   = { Репозиторий проекта },
    url     = { https://github.com/SaveliyLipaev/Project_Stolovka },
    urldate = { 2020-05-06 }
}
@incollection{russian_ecommerce_market,
    author    = { Maria Smirnova, Vera Rebiazina, Anna Daviy },
    chapter   = { 12 },
    title     = { The Russian e-commerce market },
    editor    = { Marin A. Marinov },
    booktitle = { Research Handbook of Marketing in Emerging Economies },
    publisher = { Edward Elgar Publishing },
    year      = { 2017 },
    pages     = { 241-264 },
    doi       = { 10.4337/9781784713171 },
    url       = { https://doi.org/10.4337/9781784713171 }
}
@online{xamarin_android_vs_java,
    title    = { Performance comparison between Xamarin.Android+C# vs (Dalvik or ART)+Java },
    url      = { https://github.com/EgorBo/Xamarin.Android-vs-Java },
    urldate  = { 2020-05-06 },
    language = { english }
}
@online{xamarin_perf_vs_native,
    title    = { Performance Comparison: Xamarin.Forms, Xamarin.iOS, Xamarin.Android vs Android and iOS Native Applications },
    year     = { 2017 },
    url      = { https://www.altexsoft.com/blog/engineering/performance-comparison-xamarin-forms-xamarin-ios-xamarin-android-vs-android-and-ios-native-applications/ },
    urldate  = { 2020-05-06 },
    language = { english }
}
