@online{rest_xamarin,
    author       = {Вячеслав Черников},
    title        = {Удобный REST для Xamarin-приложений},
    year         = 2016,
    url          = {https://habr.com/ru/company/microsoft/blog/310704/},
    language     = {russian}
}
@online{akavache_github,
    title        = {Akavache - Github репозиторий},
    url          = {https://github.com/reactiveui/Akavache},
    language     = {english}
}
@online{polly_github,
    title        = {Polly - Github репозиторий},
    url          = {https://github.com/App-vNext/Polly},
    language     = {english}
}
@online{oauth_habr,
    author       = {Дмитрий Битман},
    title        = {OAuth 2.0 простым и понятным языком},
    year         = 2011,
    url          = {https://habr.com/ru/company/mailru/blog/115163/},
    language     = {russian}
}
@online{foodorder_template_github,
    title       = {Скелет приложения для Xamarin - Github репозиторий},
    year        = 2019,
    url         = {https://github.com/Binwell/Order-King-Mobile-Core},
    language    = {english}
}
@online{MVVM_wiki,
    title        = {MVVM паттерн},
    year         = 2019,
    url          = {https://ru.wikipedia.org/wiki/Model-View-ViewModel},
    language     = {russian}
}
@online{refit_github,
    title       = {Refit - Github репозиторий},
    year        = 2020,
    url         = {https://reactiveui.github.io/refit},
    language    = {english}
}
@online{restapi_tutorial_github,
    author      = {Nick Chapsas},
    title       = {ASP.NET Core 3/2.2 REST API Tutorial - Github репозиторий},
    year        = 2019,
    url         = {https://github.com/Elfocrash/Youtube.AspNetCoreTutorial},
    language    = {english}
}
@online{npgsql_doc,
    title        = {NpSQL for Entity Framework Core - documentation},
    url          = {https://www.npgsql.org/efcore/},
    language     = {english}
}
@online{redis_dotnet_doc,
    title        = {Distributed Redis Cache - Microsoft .NET Tutorial},
    year         = 2020,
    url          = {https://docs.microsoft.com/en-us/aspnet/core/performance/caching/distributed?view=aspnetcore-3.1},
    language     = {english}
}
@online{perf_compar_1,
    author       = {Harry Cheung},
    title        = {Mobile App Performance: J2ObjC vs Xamarin vs RoboVM vs RubyMotion},
    year         = 2015,
    url          = {https://medium.com/@harrycheung/cross-platform-mobile-performance-testing-d0454f5cd4e9},
    language     = {english}
}
@online{perf_compar_2,
    title        = {Performance Comparison: Xamarin.Forms, Xamarin.iOS, Xamarin.Android vs Android and iOS Native Applications},
    year         = 2017,
    url          = {https://www.altexsoft.com/blog/engineering/performance-comparison-xamarin-forms-xamarin-ios-xamarin-android-vs-android-and-ios-native-applications/},
    language     = {english}
}
@online{perf_compar_3,
    title        = {Comparing performance of Android apps written in Xamarin C\# and Java - stackoverflow discussion},
    year         = 2013,
    url          = {https://stackoverflow.com/questions/17134522/does-anyone-have-benchmarks-code-results-comparing-performance-of-android-ap},
    language     = {english}
}
